@inproceedings{yamato92hmm,
  author    = {Yamato, J. and Ohya, J. and Ishii, K.},
  title     = {Recognizing human action in time-sequential images
                    using hidden {M}arkov model},
  booktitle = {{I}nternational {C}onference on {C}omputer {V}ision
                    and {P}attern {R}ecognition ({C}{V}{P}{R})},
  year      = {1992},
  pages     = {379--385}
}

@article{prati03shadow,
  author  = {Prati, A. and Mikic, I. and Trivedi, M.M. and Cucchiara, R.},
  journal = {IEEE Transactions on Pattern Analysis and Machine
                Intelligence (PAMI)},
  title   = {Detecting moving shadows: algorithms and evaluation},
  year    = {2003},
  volume  = {25},
  number  = {7},
  pages   = {918--923},
  url     = {http://cvrr.ucsd.edu/aton/shadow/}
}

@article{fuller_2013,
  title   = {Falls in the Elderly},
  volume  = {61},
  url     = {https://www.aafp.org/afp/2000/0401/p2159.html},
  number  = {7},
  journal = {American Family Physician},
  author  = {Fuller, George F},
  year    = {2013},
  pages   = {2159}
}

@misc{world_health_organization_2018,
  title     = {Falls},
  url       = {https://www.who.int/news-room/fact-sheets/detail/falls},
  journal   = {Who.int},
  publisher = {World Health Organization: WHO},
  author    = {WHO},
  year      = {2018}
}

@misc{thaincd.com_2019,
  title   = {Old Thai people do not fall, no secret tips! For the prevention of falls in tall people},
  url     = {https://thaincd.com/2016/media-detail.php?id=13551&gid=1-015-009},
  journal = {Thaincd.com},
  author  = {ThaiNCD.com},
  year    = {2019}
}

@article{degen_jaeckel_rufer_wyss_2003,
  title   = {SPEEDY:a fall detector in a wrist watch},
  doi     = {10.1109/iswc.2003.1241410},
  journal = {Seventh IEEE International Symposium on Wearable Computers, 2003. Proceedings.},
  author  = {Degen, T. and Jaeckel, H. and Rufer, M. and Wyss, S.},
  year    = {2003}
}

@misc{rihana_mondalak_2016,
  title   = {Wearable fall detection system},
  url     = {https://ieeexplore.ieee.org/abstract/document/7745414/},
  doi     = {10.1109/MECBME.2016.7745414},
  journal = {IEEE Xplore},
  author  = {Rihana, S. and Mondalak, J.},
  year    = {2016},
  pages   = {84–87}
}

@article{yang_hsu_2010,
  title   = {A Review of Accelerometry-Based Wearable Motion Detectors for Physical Activity Monitoring},
  volume  = {10},
  doi     = {10.3390/s100807772},
  number  = {8},
  journal = {Sensors},
  author  = {Yang, Che-Chang and Hsu, Yeh-Liang},
  year    = {2010},
  pages   = {7772–7788}
}

@article{ramirez_velastin_meza_fabregas_makris_farias_2021,
  title   = {Fall Detection and Activity Recognition Using Human Skeleton Features},
  volume  = {9},
  doi     = {10.1109/access.2021.3061626},
  journal = {IEEE Access},
  author  = {Ramirez, Heilym and Velastin, Sergio A. and Meza, Ignacio and Fabregas, Ernesto and Makris, Dimitrios and Farias, Gonzalo},
  year    = {2021},
  pages   = {33532–33542}
}

@article{taufeeque_koita_spicher_deserno_2021,
  title   = {Multi-camera, multi-person, and real-time fall detection using long short term memory},
  doi     = {10.1117/12.2580700},
  journal = {Medical Imaging 2021: Imaging Informatics for Healthcare, Research, and Applications},
  author  = {Taufeeque, Mohammad and Koita, Samad and Spicher, Nicolai and Deserno, Thomas M.},
  editor  = {Park, Brian J. and Deserno, Thomas M.},
  year    = {2021}
}

@article{tsai_hsu_2019,
  title   = {Implementation of Fall Detection System Based on 3D Skeleton for Deep Learning Technique},
  doi     = {10.1109/gcce46687.2019.9015609},
  journal = {2019 IEEE 8th Global Conference on Consumer Electronics (GCCE)},
  author  = {Tsai, Tsung-Han and Hsu, Chin-Wei},
  year    = {2019}
}

@misc{alwan_rajendran_kell_mack_dalal_wolfe_felder_2006,
  title   = {A Smart and Passive Floor-Vibration Based Fall Detector for Elderly},
  volume  = {1},
  url     = {https://ieeexplore.ieee.org/document/1684511},
  doi     = {10.1109/ICTTA.2006.1684511},
  journal = {IEEE Xplore},
  author  = {Alwan, M. and Rajendran, P.J. and Kell, S. and Mack, D. and Dalal, S. and Wolfe, M. and Felder, R.},
  year    = {2006},
  pages   = {1003–1007}
}

@article{clemente_li_valero_song_2020,
  title   = {Smart Seismic Sensing for Indoor Fall Detection, Location, and Notification},
  volume  = {24},
  doi     = {10.1109/jbhi.2019.2907498},
  number  = {2},
  journal = {IEEE Journal of Biomedical and Health Informatics},
  author  = {Clemente, Jose and Li, Fangyu and Valero, Maria and Song, WenZhan},
  year    = {2020},
  pages   = {524–532}
}

@article{liu_jiang_su_benzoni_maxwell_2019,
  title   = {Detection of Human Fall Using Floor Vibration and Multi-Features Semi-Supervised SVM},
  volume  = {19},
  doi     = {10.3390/s19173720},
  number  = {17},
  journal = {Sensors},
  author  = {Liu, Chengyin and Jiang, Zhaoshuo and Su, Xiangxiang and Benzoni, Samuel and Maxwell, Alec},
  year    = {2019},
  pages   = {3720}
}

@article{pynoos_steinman_nguyen_2010,
  title   = {Environmental Assessment and Modification as Fall-Prevention Strategies for Older Adults},
  volume  = {26},
  url     = {https://www.ncbi.nlm.nih.gov/pmc/articles/PMC6036911/},
  doi     = {10.1016/j.cger.2010.07.001},
  number  = {4},
  journal = {Clinics in Geriatric Medicine},
  author  = {Pynoos, Jon and Steinman, Bernard A. and Nguyen, Anna Q.D.},
  year    = {2010},
  pages   = {633–644}
}

@article{madarshahian_caicedo_arocha_zambrana_2016,
  title   = {Benchmark Problem for Human Activity Identification Using Floor Vibrations},
  volume  = {62},
  doi     = {10.1016/j.eswa.2016.06.027},
  journal = {Expert Systems with Applications},
  author  = {Madarshahian, Ramin and Caicedo, Juan M. and Arocha Zambrana, Diego},
  year    = {2016},
  pages   = {263–272}
}

@article{jia_howard_zhang_zhang_2017,
  title   = {HB-phone: a bed-mounted geophone-based Heartbeat Monitoring System},
  doi     = {10.1145/3055031.3055042},
  journal = {Proceedings of the 16th ACM/IEEE International Conference on Information Processing in Sensor Networks},
  author  = {Jia, Zhenhua and Howard, Richard E. and Zhang, Yanyong and Zhang, Pei},
  year    = {2017},
  month   = {Apr}
}

@article{shao_wang_song_ilyas_guo_chang_2020,
  title   = {Feasibility of Using Floor Vibration to Detect Human Falls},
  volume  = {18},
  doi     = {10.3390/ijerph18010200},
  number  = {1},
  journal = {International Journal of Environmental Research and Public Health},
  author  = {Shao, Yu and Wang, Xinyue and Song, Wenjie and Ilyas, Sobia and Guo, Haibo and Chang, Wen-Shao},
  year    = {2020},
  pages   = {200}
}

@article{kasturi_jo_2017,
  title   = {Classification of Human Fall in Top Viewed Kinect Depth Images Using Binary Support Vector Machine},
  doi     = {10.1109/hsi.2017.8005016},
  journal = {2017 10th International Conference on Human System Interactions (HSI)},
  author  = {Kasturi, Sowmya and Jo, Kang-Hyun},
  year    = {2017}
}

@article{wang_chen_zhou_sun_dong_2015,
  title   = {Human Fall Detection in Surveillance Video Based on PCANet},
  volume  = {75},
  url     = {https://link.springer.com/article/10.1007%2Fs11042-015-2698-y},
  doi     = {10.1007/s11042-015-2698-y},
  number  = {19},
  journal = {Multimedia Tools and Applications},
  author  = {Wang, Shengke and Chen, Long and Zhou, Zixi and Sun, Xin and Dong, Junyu},
  year    = {2015},
  pages   = {11603–11613}
}

@article{sultana_deb_dhar_koshiba_2021,
  title   = {Classification of Indoor Human Fall Events Using Deep Learning},
  volume  = {23},
  doi     = {10.3390/e23030328},
  number  = {3},
  journal = {Entropy},
  author  = {Sultana, Arifa and Deb, Kaushik and Dhar, Pranab Kumar and Koshiba, Takeshi},
  year    = {2021},
  pages   = {328}
}

@article{britto_filho_lubaszewski_2020,
  title   = {A Highly Reliable Wearable Device for Fall Detection},
  doi     = {10.1109/lats49555.2020.9093673},
  journal = {2020 IEEE Latin-American Test Symposium (LATS)},
  author  = {Britto Filho, Joao Carlos and Lubaszewski, Marcelo},
  year    = {2020}
}

@article{charlon_bourennane_bettahar_campo_2013,
  title   = {Activity Monitoring System for Elderly in a Context of Smart Home},
  volume  = {34},
  url     = {https://www.sciencedirect.com/science/article/abs/pii/S1959031812001509},
  doi     = {10.1016/j.irbm.2012.12.014},
  number  = {1},
  journal = {IRBM},
  author  = {Charlon, Y. and Bourennane, W. and Bettahar, F. and Campo, E.},
  year    = {2013},
  pages   = {60–63}
}

@article{el-bendary_tan_c_pivot_lam_2013,
  title   = {FALL DETECTION AND PREVENTION FOR THE ELDERLY: a REVIEW OF TRENDS AND CHALLENGES},
  volume  = {6},
  doi     = {10.21307/ijssis-2017-588},
  number  = {3},
  journal = {International Journal on Smart Sensing and Intelligent Systems},
  author  = {El-Bendary, Nashwa and Tan, Qing and C. Pivot, Frédérique and Lam, Anthony},
  year    = {2013},
  pages   = {1230–1266}
}

@article{wang_ellul_azzopardi_2020,
  title   = {Elderly Fall Detection Systems: a Literature Survey},
  volume  = {7},
  doi     = {10.3389/frobt.2020.00071},
  journal = {Frontiers in Robotics and AI},
  author  = {Wang, Xueyi and Ellul, Joshua and Azzopardi, George},
  year    = {2020}
}

@article{Alwan_2003,
  author = {Alwan, Majd and Dalal, Siddharth and Kell, Steve and Felder, Robin},
  year   = {2003},
  pages  = {},
  title  = {DERIVATION OF BASIC HUMAN GAIT CHARACTERISTICS FROM FLOOR VIBRATIONS}
}

@article{litvak_zigel_gannot_2008,
  title   = {Fall Detection of Elderly through Floor Vibrations and Sound},
  doi     = {10.1109/iembs.2008.4650245},
  journal = {2008 30th Annual International Conference of the IEEE Engineering in Medicine and Biology Society},
  author  = {Litvak, Dima and Zigel, Yaniv and Gannot, Israel},
  year    = {2008}
}

@article{davis_caicedo_langevin_hirth_2011,
  title   = {Use of Wireless Smart Sensors for Detecting Human Falls through Structural Vibrations},
  doi     = {10.1007/978-1-4419-9316-8_37},
  journal = {Civil Engineering Topics, Volume 4},
  author  = {Davis, Benjamin T. and Caicedo, Juan M. and Langevin, Scott and Hirth, Victor},
  year    = {2011},
  pages   = {383–389}
}

@inproceedings{inproceedings,
  author = {Yazar, Ahmet and Erden, Fatih and Cetin, A.},
  year   = {2014},
  month  = {05},
  pages  = {},
  title  = {Multi-sensor ambient assisted living system for fall detection}
}

@inproceedings{mukherjee2020multisense,
  title     = {MultiSense: A Highly Reliable Wearable-free Human Fall Detection Systems.},
  author    = {Mukherjee, Avishek and Zhang, Zhenghao},
  booktitle = {SENSORNETS},
  pages     = {29--40},
  year      = {2020}
}

@article{schrader_2020,
  title   = {Advanced Sensing and Human Activity Recognition in Early Intervention and Rehabilitation of Elderly People},
  volume  = {13},
  doi     = {10.1007/s12062-020-09260-z},
  number  = {2},
  journal = {Journal of Population Ageing},
  author  = {Schrader, Lisa and Vargas Toro, Agustín and Konietzny, Sebastian and Rüping, Stefan and Schäpers, Barbara and Steinböck, Martina and Krewer, Carmen and Müller, Friedemann and Güttler, Jörg and Bock, Thomas},
  year    = {2020},
  pages   = {139–165}
}

@phdthesis{oukrich_2019,
  author = {Oukrich, Nadia},
  year   = {2019},
  pages  = {},
  title  = {Daily Human Activity Recognition in Smart Home based on Feature Selection, Neural Network and Load Signature of Appliances}
}

@inproceedings{roggen_2010,
  author  = {Roggen, Daniel and Calatroni, Alberto and Rossi, Mirco and Holleczek, Thomas and Forster, Kilian and Troster, Gerhard and Lukowicz, Paul and Bannach, David and Pirkl, Gerald and Ferscha, Alois and Doppler, Jakob and Holzmann, Clemens and Kurz, Marc and Holl, Gerald and Chavarriaga, Ricardo and Sagha, Hesam and Bayati, Hamidreza and Creatura, Marco and Millan, Jose del R.},
  year    = {2010},
  pages   = {233 - 240},
  title   = {Collecting complex activity datasets in highly rich networked sensor environments},
  journal = {INSS 2010 - 7th International Conference on Networked Sensing Systems},
  doi     = {10.1109/INSS.2010.5573462}
}

@article{abbate_avvenuti_bonatesta_cola_corsini_vecchio_2012,
  title   = {A smartphone-based Fall Detection System},
  volume  = {8},
  doi     = {10.1016/j.pmcj.2012.08.003},
  number  = {6},
  journal = {Pervasive and Mobile Computing},
  author  = {Abbate, Stefano and Avvenuti, Marco and Bonatesta, Francesco and Cola, Guglielmo and Corsini, Paolo and Vecchio, Alessio},
  year    = {2012},
  pages   = {883–899}
}

@article{chen_xue_2015,
  title   = {A Deep Learning Approach to Human Activity Recognition Based on Single Accelerometer},
  isbn    = {9781479986972},
  url     = {https://ieeexplore.ieee.org/document/7379395/},
  doi     = {10.1109/smc.2015.263},
  journal = {2015 IEEE International Conference on Systems, Man, and Cybernetics},
  author  = {Chen, Yuqing and Xue, Yang},
  year    = {2015}
}

@article{reiss_stricker_2012,
  title   = {Introducing a New Benchmarked Dataset for Activity Monitoring},
  doi     = {10.1109/iswc.2012.13},
  journal = {2012 16th International Symposium on Wearable Computers},
  author  = {Reiss, Attila and Stricker, Didier},
  year    = {2012}
}

@article{ugolotti_sassi_mordonini_cagnoni_2011,
  title   = {Multi-sensor system for detection and classification of human activities},
  volume  = {4},
  doi     = {10.1007/s12652-011-0065-z},
  number  = {1},
  journal = {Journal of Ambient Intelligence and Humanized Computing},
  author  = {Ugolotti, Roberto and Sassi, Federico and Mordonini, Monica and Cagnoni, Stefano},
  year    = {2011},
  pages   = {27–41}
}

@misc{steelconstruction_2016,
  title   = {Floor Vibrations},
  url     = {https://www.steelconstruction.info/Floor_vibrations},
  journal = {www.steelconstruction.info},
  author  = {SteelConstruction},
  year    = {2016}
}


@phdthesis{ljunggren2006floor,
  title  = {Floor vibration: dynamic properties and subjective perception},
  author = {Ljunggren, Fredrik},
  year   = {2006},
  school = {Lule{\aa} tekniska universitet}
}

@book{p_gavin_2015,
  title   = {Vibrations of Single Degree of Freedom Systems},
  url     = {https://people.duke.edu/~hpgavin/cee201/sdof-dyn.pdf},
  journal = {Department of Civil and Environmental Engineering Duke University},
  author  = {Gavin, Henri},
  year    = {2015}
}


@misc{dash_2020,
  title   = {An Overview of Time Series Forecasting Models Part 1: Classical Time Series Forecasting Models},
  url     = {https://shaileydash.medium.com/an-overview-of-time-series-forecasting-models-part-1-classical-time-series-forecasting-models-2d877de76e0f},
  journal = {Medium},
  author  = {Dash, Shailey},
  year    = {2020}
}

@article{ismail_fawaz_forestier_weber_idoumghar_muller_2019,
  title   = {Deep learning for time series classification: a review},
  doi     = {10.1007/s10618-019-00619-1},
  journal = {Data Mining and Knowledge Discovery},
  author  = {Ismail Fawaz, Hassan and Forestier, Germain and Weber, Jonathan and Idoumghar, Lhassane and Muller, Pierre-Alain},
  year    = {2019}
}

@article{meinard_2007,
  author  = {Müller, Meinard},
  year    = {2007},
  month   = {01},
  pages   = {69-84},
  title   = {Dynamic time warping},
  volume  = {2},
  journal = {Information Retrieval for Music and Motion},
  doi     = {10.1007/978-3-540-74048-3_4}
}

@article{vincent10a,
  author  = {Pascal Vincent and Hugo Larochelle and Isabelle Lajoie and Yoshua Bengio and Pierre-Antoine Manzagol},
  title   = {Stacked Denoising Autoencoders: Learning Useful Representations in a Deep Network with a Local Denoising Criterion},
  journal = {Journal of Machine Learning Research},
  year    = {2010},
  volume  = {11},
  number  = {110},
  pages   = {3371-3408},
  url     = {http://jmlr.org/papers/v11/vincent10a.html}
}

@misc{chollet_2016,
  title   = {Building Autoencoders in Keras},
  url     = {https://blog.keras.io/building-autoencoders-in-keras.html},
  journal = {Keras.io},
  author  = {Chollet, Francois},
  year    = {2016}
}

@misc{badr_2019,
  title   = {Auto-Encoder: What Is It? and What Is It Used For? (Part 1)},
  url     = {https://towardsdatascience.com/auto-encoder-what-is-it-and-what-is-it-used-for-part-1-3e5c6f017726},
  journal = {Medium},
  author  = {Badr, Will},
  year    = {2019}
}

@misc{pedamkar_2019,
  title   = {Autoencoders | Main Components and Architecture of Autoencoder},
  url     = {https://www.educba.com/autoencoders/},
  journal = {EDUCBA},
  author  = {Pedamkar, Priya},
  year    = {2019}
}

@misc{rajan_2021,
  title   = {Dimensionality Reduction Using AutoEncoders in Python},
  url     = {https://www.analyticsvidhya.com/blog/2021/06/dimensionality-reduction-using-autoencoders-in-python/},
  journal = {Analytics Vidhya},
  author  = {Rajan, Srivignesh},
  year    = {2021}
}

@misc{johns_hopkins_university_2015,
  title   = {The Swiss Roll Matching Example},
  url     = {http://www.cis.jhu.edu/~cshen/html/PublishSwissRoll.html},
  journal = {PublishSwissRoll.m},
  author  = {Johns Hopkins University},
  year    = {2015}
}

‌

@article{vincent_larochelle_bengio_manzagol_2008,
  title   = {Extracting and Composing Robust Features with Denoising Autoencoders},
  doi     = {10.1145/1390156.1390294},
  journal = {Proceedings of the 25th International Conference on Machine Learning - ICML ’08},
  author  = {Vincent, Pascal and Larochelle, Hugo and Bengio, Yoshua and Manzagol, Pierre-Antoine},
  year    = {2008}
}

@misc{rosebrock_2020,
  title   = {Denoising Autoencoders with Keras, TensorFlow, and Deep Learning},
  url     = {https://www.pyimagesearch.com/2020/02/24/denoising-autoencoders-with-keras-tensorflow-and-deep-learning/},
  journal = {PyImageSearch},
  author  = {Rosebrock, Adrian},
  year    = {2020}
}

@misc{pavithrasv_2020,
  title  = {Timeseries anomaly detection using an Autoencoder},
  author = {pavithrasv},
  year   = {2020}
}

@misc{rocca_2020,
  title   = {Understanding Variational Autoencoders (VAEs)},
  url     = {https://towardsdatascience.com/understanding-variational-autoencoders-vaes-f70510919f73},
  journal = {Medium},
  author  = {Rocca, Joseph},
  year    = {2020}
}

@misc{roger_2021,
  title   = {Variational Autoencoder(VAE)},
  url     = {https://medium.com/geekculture/variational-autoencoder-vae-9b8ce5475f68},
  journal = {Medium},
  author  = {Roger},
  year    = {2021}
}

@misc{weng_2018,
  title   = {From Autoencoder to Beta-VAE},
  url     = {https://lilianweng.github.io/lil-log/2018/08/12/from-autoencoder-to-beta-vae.html},
  journal = {Lil’Log},
  author  = {Weng, Lilian},
  year    = {2018}
}

@misc{agmon_2021,
  title   = {Hands-on Anomaly Detection with Variational Autoencoders},
  url     = {https://towardsdatascience.com/hands-on-anomaly-detection-with-variational-autoencoders-d4044672acd5},
  journal = {Medium},
  author  = {Agmon, Alon},
  year    = {2021}
}

@misc{donges_2019,
  title   = {Recurrent Neural Networks 101: Understanding the Basics of RNNs and LSTM},
  url     = {https://builtin.com/data-science/recurrent-neural-networks-and-lstm},
  journal = {Built in},
  author  = {Donges, Niklas},
  year    = {2019}
}

@misc{olah_2015,
  title   = {Understanding LSTM Networks -- colah’s Blog},
  url     = {https://colah.github.io/posts/2015-08-Understanding-LSTMs/},
  journal = {Github.io},
  author  = {Olah, Christopher},
  year    = {2015}
}

@misc{arnx_2019,
  title     = {First Neural Network for Beginners Explained (with code)},
  url       = {https://towardsdatascience.com/first-neural-network-for-beginners-explained-with-code-4cfd37e06eaf},
  journal   = {Medium},
  publisher = {Towards Data Science},
  author    = {Arnx, Arthur},
  year      = {2019}
}

@misc{sirinart_tangruamsub_2017,
  title     = {Long Short-Term Memory (LSTM)},
  url       = {https://medium.com/@sinart.t/long-short-term-memory-lstm-e6cb23b494c6},
  journal   = {Medium},
  publisher = {Medium},
  author    = {Sirinart Tangruamsub},
  year      = {2017}
}

@book{vaswani_shazeer_parmar_uszkoreit_jones_n_gomez_kaiser_polosukhin_2017,
  title  = {Attention Is All You Need},
  url    = {https://arxiv.org/abs/1706.03762v5},
  author = {Vaswani, Ashish and Shazeer, Noam and Parmar, Niki and Uszkoreit, Jakob and Jones, Llion and N. Gomez, Aidan and Kaiser, Lukas and Polosukhin, Illia},
  year   = {2017}
}

@misc{alammar_2018,
  title   = {The Illustrated Transformer},
  url     = {https://jalammar.github.io/illustrated-transformer/},
  journal = {jalammar.github.io},
  author  = {Alammar, Jay},
  year    = {2018}
}

@misc{alammar_2019,
  title   = {The Illustrated GPT-2 (Visualizing Transformer Language Models)},
  url     = {https://jalammar.github.io/illustrated-gpt2/#part-2-illustrated-self-attention},
  journal = {jalammar.github.io},
  author  = {Alammar, Jay},
  year    = {2019}
}

@misc{klingenbrunn_2021,
  title   = {Transformer Implementation for Time-series Forecasting},
  url     = {https://medium.com/mlearning-ai/transformer-implementation-for-time-series-forecasting-a9db2db5c820},
  journal = {Medium},
  author  = {Klingenbrunn, Natasha},
  year    = {2021}
}

@article{das_pradhan_2020,
  title   = {Real Time Wireless PPG & Respiration Rate Measurement and Data Acquisition System},
  doi     = {10.36227/techrxiv.13020410.v2},
  journal = {Real Time Wireless PPG & Respiration Rate Measurement and Data Acquisition System},
  author  = {Das, Dipon and PRADHAN, SWARNA KAMAL},
  year    = {2020}
}

@misc{battula_2019,
  title   = {Time Series Forecasting with Deep Stacked Unidirectional and Bidirectional LSTMs},
  url     = {https://towardsdatascience.com/time-series-forecasting-with-deep-stacked-unidirectional-and-bidirectional-lstms-de7c099bd918},
  journal = {Medium},
  author  = {Battula, Manohar},
  year    = {2019}
}

@misc{nhs_2019,
  title   = {Overview - Falls},
  url     = {https://www.nhs.uk/conditions/Falls/},
  journal = {NHS},
  author  = {NHS},
  year    = {2019}
}

@misc{toyoda_sakurai_2012,
  title   = {Subsequence Matching in Data Streams | NTT Technical Review},
  url     = {https://www.ntt-review.jp/archive/ntttechnical.php?contents=ntr201301ra1.html},
  journal = {www.ntt-review.jp},
  author  = {Toyoda, Machiko and Sakurai, Yasushi},
  year    = {2012}
}

@misc{dtw_2021,
  title   = {Dynamic Time Warping},
  url     = {https://th.wikipedia.org/wiki/Dynamic_time_warping},
  journal = {Wikipedia},
  author  = {Wikipedia},
  year    = {2021}
}

@book{mishra_verk_fornasier_piciarelli_foresti_2021,
  title   = {VT-ADL: a Vision Transformer Network for Image Anomaly Detection and Localization},
  url     = {https://arxiv.org/abs/2104.10036},
  journal = {Cornell University},
  author  = {Mishra, Pankaj and Verk, Riccardo and Fornasier, Daniele and Piciarelli, Claudio and Foresti, Gian Luca},
  year    = {2021}
}

‌@book{james_1890,
  place     = {New York},
  title     = {The Principles of psychology, Vol I.},
  doi       = {10.1037/10538-000},
  publisher = {Henry Holt and Co},
  author    = {James, William},
  year      = {1890}
}

‌@misc{tamura_2021,
  title   = {Positional encoding, Residual connections, Padding masks: Covering the Rest of Transformer Components – Data Science Blog},
  url     = {https://data-science-blog.com/blog/2021/04/22/positional-encoding-residual-connections-padding-masks-all-the-details-of-transformer-model/},
  journal = {Data Science Blog},
  author  = {Tamura, Yasuto},
  year    = {2021}
}

@misc{goodfellow_pouget_abadie_mirza_xu_warde_farley_ozair_courville_bengio_2014,
  title   = {Generative Adversarial Networks},
  url     = {https://arxiv.org/abs/1406.2661},
  journal = {arXiv.org},
  author  = {Goodfellow, Ian J and Pouget-Abadie, Jean and Mirza, Mehdi and Xu, Bing and Warde-Farley, David and Ozair, Sherjil and Courville, Aaron and Bengio, Yoshua},
  year    = {2014}
}

@misc{ai_research_innovationhub_2020,
  title   = {What Is GAN and Can We Use It for Our Anomaly Detection problems?},
  url     = {https://www.macnica.co.jp/business/ai_iot/columns/135130/},
  journal = {Macnica},
  author  = {AI Research & InnovationHub},
  year    = {2020}
}

@misc{tensorflow_2021,
  title   = {Deep Convolutional Generative Adversarial Network | TensorFlow Core},
  url     = {https://www.tensorflow.org/tutorials/generative/dcgan},
  journal = {TensorFlow},
  author  = {Tensorflow},
  year    = {2021}
}

@inproceedings{schlegl2017unsupervised,
  title={Unsupervised anomaly detection with generative adversarial networks to guide marker discovery},
  author={Schlegl, Thomas and Seeb{\"o}ck, Philipp and Waldstein, Sebastian M and Schmidt-Erfurth, Ursula and Langs, Georg},
  booktitle={International conference on information processing in medical imaging},
  pages={146--157},
  year={2017},
  organization={Springer}
}

‌
‌

‌
‌

‌

‌

‌











































